<?xml version="1.0" encoding="utf-8"?>
<record xmlns="http://www.loc.gov/MARC21/slim" xmlns:xsi="http://www.w3.org/2001/XMLSchema-instance" xsi:schemaLocation="http://www.loc.gov/MARC21/slim http://www.loc.gov/standards/marcxml/schema/MARC21slim.xsd">
	<leader>     nam a22        4500</leader>
	<controlfield tag="001">b1283600x</controlfield>
	<controlfield tag="003">LeBAU</controlfield>
	<controlfield tag="006">m        d        </controlfield>
	<controlfield tag="007">cr cn |||m|||a</controlfield>
	<controlfield tag="008">170120m19511960ua      ob    ||1 0 ara d</controlfield>
	<datafield ind1=" " ind2=" " tag="040">
		<subfield code="a">NNU</subfield>
		<subfield code="b">ara</subfield>
		<subfield code="e">rda</subfield>
		<subfield code="c">NNU</subfield>
	</datafield>
	<datafield ind1=" " ind2="4" tag="050">
		<subfield code="a">KA615</subfield>
		<subfield code="b">.N78 1951</subfield>
	</datafield>
	<datafield ind1="0" ind2="4" tag="082">
		<subfield code="a">349.297</subfield>
		<subfield code="2">20</subfield>
	</datafield>
	<datafield ind1="1" ind2=" " tag="100">
		<subfield code="6">880-01</subfield>
		<subfield code="a">Nuʻmān ibn Muḥammad, Abū Ḥanīfah,</subfield>
		<subfield code="d">-974,</subfield>
		<subfield code="e">author.</subfield>
	</datafield>
	<datafield ind1="1" ind2="0" tag="245">
		<subfield code="6">880-02</subfield>
		<subfield code="a">Da‘ā’im al-Islām wa-dhikr al-ḥalāl wa-al-ḥarām wa-al-qaḍāyā wa-al-aḥkām :</subfield>
		<subfield code="b">‘an Ahl Bayt Rasūl Allāh ‘alyhi wa-‘alyhim afḍal al-salām /</subfield>
		<subfield code="c">li-sayyidinā al-Qāḍī al-ajall Abī Ḥanīfah al-Nu‘mān ibn Muḥammad ibn Manṣūr ibn Aḥmad ibn Ḥayyūn al-Tamīmī al-Maghribī ; taḥqīq Āṣaf ibn ‘Alī Aṣghar Fayḍī.</subfield>
	</datafield>
	<datafield ind1=" " ind2="1" tag="264">
		<subfield code="6">880-03</subfield>
		<subfield code="a">Miṣr :</subfield>
		<subfield code="b">Dār al-Ma‘ārif,</subfield>
		<subfield code="c">1951-1960.</subfield>
	</datafield>
	<datafield ind1=" " ind2=" " tag="300">
		<subfield code="6">880-04</subfield>
		<subfield code="a">online resource (2 volumes)</subfield>
	</datafield>
	<datafield ind1=" " ind2=" " tag="336">
		<subfield code="a">text</subfield>
		<subfield code="2">rdacontent</subfield>
	</datafield>
	<datafield ind1=" " ind2=" " tag="337">
		<subfield code="a">computer</subfield>
		<subfield code="2">rdamedia</subfield>
	</datafield>
	<datafield ind1=" " ind2=" " tag="338">
		<subfield code="a">online resource</subfield>
		<subfield code="2">rdacarrier</subfield>
	</datafield>
	<datafield ind1=" " ind2=" " tag="500">
		<subfield code="a">Part of the Arabic Collections Online (ACO) project, contributed by American University of Beirut's Jafet Memorial Library.</subfield>
	</datafield>
	<datafield ind1=" " ind2=" " tag="533">
		<subfield code="a">Electronic reproduction.</subfield>
		<subfield code="b">New York, N.Y. :</subfield>
		<subfield code="c">New York University,</subfield>
		<subfield code="d">2017.</subfield>
		<subfield code="5">NNU</subfield>
	</datafield>
	<datafield ind1=" " ind2="0" tag="650">
		<subfield code="6">880-05</subfield>
		<subfield code="a">Islamic law.</subfield>
	</datafield>
	<datafield ind1="1" ind2=" " tag="700">
		<subfield code="6">880-06</subfield>
		<subfield code="a">Fyzee, Asaf Ali Asghar,</subfield>
		<subfield code="d">1899-1981,</subfield>
		<subfield code="e">annotator.</subfield>
	</datafield>
	<datafield ind1="2" ind2=" " tag="710">
		<subfield code="a">Jafet Memorial Library.</subfield>
	</datafield>
	<datafield ind1="0" ind2=" " tag="730">
		<subfield code="a">Arabic Collections Online.</subfield>
	</datafield>
	<datafield ind1="0" ind2="8" tag="776">
		<subfield code="i">Print version:</subfield>
		<subfield code="a">Nuʻmān ibn Muḥammad, Abū Ḥanīfah, -974, author.</subfield>
		<subfield code="t">Da‘ā’im al-Islām wa-dhikr al-ḥalāl wa-al-ḥarām wa-al-qaḍāyā wa-al-aḥkām</subfield>
		<subfield code="w">(LeBAU)b1283600x</subfield>
	</datafield>
	<datafield ind1="4" ind2="0" tag="856">
		<subfield code="u">http://hdl.handle.net/2333.1/66t1g5vq</subfield>
	</datafield>
	<datafield ind1="1" ind2=" " tag="880">
		<subfield code="6">100-01/r</subfield>
		<subfield code="a">نعمان بن محمد،</subfield>
		<subfield code="c">أبو حنيفة،</subfield>
		<subfield code="d">-974,</subfield>
		<subfield code="e">author.</subfield>
	</datafield>
	<datafield ind1="1" ind2="0" tag="880">
		<subfield code="6">245-02/r</subfield>
		<subfield code="a">دعائم الإسلام وذكر الحلال و الحرام و القضايا و الأحكام :</subfield>
		<subfield code="b">عن أهل بيت رسول الله عليه وعليهم أفضل السلام /</subfield>
		<subfield code="c">لسيدنا القاضي الأجل أبي حنيفة النعمن بن محمد بن منصور بن أحمد بن حيون التميمي المغربي ؛ تحقيق آصف بن علي أصغر فيضي.</subfield>
	</datafield>
	<datafield ind1=" " ind2="1" tag="880">
		<subfield code="6">264-03/r</subfield>
		<subfield code="a">مصر :</subfield>
		<subfield code="b">دار المعارف،</subfield>
		<subfield code="c">1951-1960.</subfield>
	</datafield>
	<datafield ind1=" " ind2=" " tag="880">
		<subfield code="6">300-04/r</subfield>
		<subfield code="a">2 جزء ؛</subfield>
		<subfield code="c">25 سم</subfield>
	</datafield>
	<datafield ind1=" " ind2=" " tag="880">
		<subfield code="6">500-00/r</subfield>
		<subfield code="a">الجزء الثاني طبع سنة 1960.</subfield>
	</datafield>
	<datafield ind1=" " ind2=" " tag="880">
		<subfield code="6">504-00/r</subfield>
		<subfield code="a">يتضمن مراجع ببليوغرافية وكشاف.</subfield>
	</datafield>
	<datafield ind1=" " ind2=" " tag="880">
		<subfield code="6">590-00/r</subfield>
		<subfield code="a">في المكتبة: الجزء 2.</subfield>
	</datafield>
	<datafield ind1=" " ind2="4" tag="880">
		<subfield code="6">650-05/r</subfield>
		<subfield code="a">الفقه الاسلامي.</subfield>
	</datafield>
	<datafield ind1="1" ind2=" " tag="880">
		<subfield code="6">700-06/r</subfield>
		<subfield code="a">فيضي، آصف بن علي اصغر،</subfield>
		<subfield code="e">annotator.</subfield>
	</datafield>
	<datafield ind1=" " ind2=" " tag="959">
		<subfield code="a">NNU</subfield>
		<subfield code="b">WEB</subfield>
		<subfield code="c">GENI</subfield>
		<subfield code="t">0</subfield>
		<subfield code="m">Electronic access</subfield>
		<subfield code="s">01</subfield>
	</datafield>
	<datafield ind1=" " ind2=" " tag="999">
		<subfield code="i">LeBAU_b1283600x</subfield>
		<subfield code="s">aub_aco000208:v.2</subfield>
		<subfield code="e">(ERROR-MISC)</subfield>
		<subfield code="s">aub_aco000208:v.2</subfield>
	</datafield>
</record>
